<record><leader>00000cas a2200000 a 4500</leader><controlfield tag="001">22527442</controlfield><controlfield tag="008">901017d18681869iluwr ne      0   a0eng c</controlfield><datafield ind1=" " ind2=" " tag="010"><subfield code="a">sn 90054560 </subfield></datafield><datafield ind1=" " ind2=" " tag="040"><subfield code="a">NVF</subfield><subfield code="b">eng</subfield><subfield code="c">NVF</subfield><subfield code="d">OCLCQ</subfield><subfield code="d">NVF</subfield><subfield code="d">OCLCQ</subfield><subfield code="d">OCLCF</subfield><subfield code="d">NVF</subfield><subfield code="d">OCLCO</subfield></datafield><datafield ind1="1" ind2=" " tag="029"><subfield code="a">AU@</subfield><subfield code="b">000020631373</subfield></datafield><datafield ind1=" " ind2=" " tag="042"><subfield code="a">pcc</subfield></datafield><datafield ind1=" " ind2=" " tag="043"><subfield code="a">n-us-il</subfield></datafield><datafield ind1="0" ind2="0" tag="245"><subfield code="a">Marshall County Republican and Putnam County register.</subfield></datafield><datafield ind1=" " ind2=" " tag="260"><subfield code="a">Henry, Ill. :</subfield><subfield code="b">Geo. Burt &amp; J.D. Woodward,</subfield><subfield code="c">1868-1869.</subfield></datafield><datafield ind1=" " ind2=" " tag="300"><subfield code="a">v.</subfield></datafield><datafield ind1=" " ind2=" " tag="310"><subfield code="a">Weekly</subfield></datafield><datafield ind1="0" ind2=" " tag="362"><subfield code="a">Vol. 16, no. 47 (May 21, 1868)-v. 18, no. 13 (Sept. 23, 1869).</subfield></datafield><datafield ind1=" " ind2="0" tag="651"><subfield code="a">Marshall County (Ill.)</subfield><subfield code="v">Newspapers.</subfield></datafield><datafield ind1=" " ind2="0" tag="651"><subfield code="a">Putnam County (Ill.)</subfield><subfield code="v">Newspapers.</subfield></datafield><datafield ind1=" " ind2="7" tag="651"><subfield code="a">Illinois</subfield><subfield code="z">Marshall County.</subfield><subfield code="2">fast</subfield><subfield code="0">(OCoLC)fst01221590</subfield></datafield><datafield ind1=" " ind2="7" tag="651"><subfield code="a">Illinois</subfield><subfield code="z">Putnam County.</subfield><subfield code="2">fast</subfield><subfield code="0">(OCoLC)fst01226920</subfield></datafield><datafield ind1=" " ind2="7" tag="655"><subfield code="a">Newspapers.</subfield><subfield code="2">fast</subfield><subfield code="0">(OCoLC)fst01423814</subfield></datafield><datafield ind1=" " ind2=" " tag="752"><subfield code="a">United States</subfield><subfield code="b">Illinois</subfield><subfield code="c">Marshall</subfield><subfield code="d">Henry.</subfield></datafield><datafield ind1="0" ind2="0" tag="780"><subfield code="t">Marshall County Republican (Henry, Ill.)</subfield><subfield code="w">(DLC)sn 90054555</subfield><subfield code="w">(OCoLC)22527363</subfield></datafield><datafield ind1="0" ind2="0" tag="785"><subfield code="t">Henry Republican</subfield><subfield code="w">(DLC)sn 85033728</subfield><subfield code="w">(OCoLC)12220545</subfield></datafield></record>